@article{hellur,
  title={FLEXI: A high order discontinuous Galerkin framework for hyperbolic--parabolic conservation laws},
  author={Krais , Nico and Beck , Andrea and Bolemann , Thomas and Frank , Hannes and Flad , David and Gassner , Gregor and Hindenlang , Florian and Hoffmann , Malte and Kuhn , Thomas and Sonntag , Matthias and others},
  journal={Computers \& Mathematics with Applications},
  volume={81},
  pages={186--219},
  year={2021},
  publisher={Elsevier}
}